@article{Leroy95,
  author    = {Xavier Leroy},
  title     = {Applicative Functors and Fully Transparent Higher-Order Modules},
  booktitle = {POPL'95},
  year      = {1995},
}

@article{Leroy94,
  author    = {Xavier Leroy},
  title     = {Manifest Types, Modules, and Separate Compilation},
  year      = {1994},
}

@article{Leroy96,
  author    = {Xavier Leroy},
  title     = {A Syntactic Theory of Type Generativity and Sharing},
  journal   = {J. Funct. Program.},
  year      = 1996,
}

@article{MacQueen84,
  author    = {David B. MacQueen},
  title     = {Modules for Standard {ML}},
  year      = {1984},
}

@article{Crary17,
  author    = {Karl Crary},
  title     = {Modules, abstraction, and parametric polymorphism},
  year      = {2017},
}


@article{Crary19,
  author    = {Karl Crary},
  title     = {Fully abstract module compilation},
  year      = {2019},
}


@article{Russo00,
  author    = {Claudio V. Russo},
  title     = {First-Class Structures for Standard {ML}},
  year      = {2000},
}

@article{DBLP:conf/ml/SwaseyVCH06,
  author    = {David Swasey and
               Tom {Murphy VII} and
               Karl Crary and
               Robert Harper},
  title     = {A separate compilation extension to standard {ML}},
  year      = {2006},
}


@article{FingModules,
  author    = {Andreas Rossberg and
               Claudio V. Russo and
               Derek Dreyer},
  title     = {F-ing modules},
  year      = {2014},
}
@phdthesis{dreyerthesis,
  author = {Derek Dreyer},
  title = {Understanding and Evolving the ML Module System},
  month = {May},
  year = {2005},
  school = {CMU},
  url = {https://people.mpi-sws.org/~dreyer/thesis/main.pdf}
}


@article{backpack,
  author    = {Scott Kilpatrick and
               Derek Dreyer and
               Simon L. {Peyton Jones} and
               Simon Marlow},
  title     = {Backpack: retrofitting Haskell with interfaces},
  year      = {2014},
}



@article{DBLP:journals/toplas/RossbergD13,
  author    = {Andreas Rossberg and
               Derek Dreyer},
  title     = {Mixin' Up the {ML} Module System},
  year      = {2013},
}


@phdthesis{radannethesis,
  author = {Gabriel Radanne},
  title = {Tierless Web Programming in ML},
  month = {November},
  year = {2017},
  school = {Paris Diderot},
  url = {https://www.irif.fr/~gradanne/papers/phdthesis.pdf}
}

@article{modularmacrosth,
  author    = {Jeremy Yallop and Leo White},
  title     = {Modular macros},
  journal   = {OCaml Workshop},
  year      = {2015},
}



@inproceedings{DBLP:conf/asplos/MadhavapeddyMRSSGSHC13,
  author    = {Anil Madhavapeddy and
               Richard Mortier and
               Charalampos Rotsos and
               David J. Scott and
               Balraj Singh and
               Thomas Gazagnaire and
               Steven Smith and
               Steven Hand and
               Jon Crowcroft},
  title     = {Unikernels: library operating systems for the cloud},
  year      = {2013},
}



@article{DBLP:journals/corr/abs-1905-02529,
  author    = {Gabriel Radanne and
               Thomas Gazagnaire and
               Anil Madhavapeddy and
               Jeremy Yallop and
               Richard Mortier and
               Hannes Mehnert and
               Mindy Preston and
               David J. Scott},
  title     = {Programming Unikernels in the Large via Functor Driven Development},
  year      = {2019},
}



@article{DBLP:journals/jfp/Rossberg18,
  author    = {Andreas Rossberg},
  title     = {1ML - Core and modules united},
  year      = {2018},
}

@article{acute,
  author    = {Peter Sewell and
               James J. Leifer and
               Keith Wansbrough and
               Francesco Zappa Nardelli and
               Mair Allen{-}Williams and
               Pierre Habouzit and
               Viktor Vafeiadis},
  title     = {Acute: High-level programming language design for distributed computation},
  year      = {2007},
}


