@article{DBLP:journals/jacm/WagnerF74,
  author    = {Robert A. Wagner and
               Michael J. Fischer},
  title     = {The String-to-String Correction Problem},
  journal   = {J. {ACM}},
  volume    = {21},
  number    = {1},
  pages     = {168--173},
  year      = {1974},
  url       = {https://doi.org/10.1145/321796.321811},
  doi       = {10.1145/321796.321811},
  timestamp = {Wed, 14 Nov 2018 10:35:26 +0100},
  biburl    = {https://dblp.org/rec/journals/jacm/WagnerF74.bib},
  bibsource = {dblp computer science bibliography, https://dblp.org}
}

@article{DBLP:journals/siamcomp/LandauMS98,
  author    = {Gad M. Landau and
               Eugene W. Myers and
               Jeanette P. Schmidt},
  title     = {Incremental String Comparison},
  journal   = {{SIAM} J. Comput.},
  volume    = {27},
  number    = {2},
  pages     = {557--582},
  year      = {1998},
  url       = {https://doi.org/10.1137/S0097539794264810},
  doi       = {10.1137/S0097539794264810},
  timestamp = {Wed, 14 Nov 2018 10:45:07 +0100},
  biburl    = {https://dblp.org/rec/journals/siamcomp/LandauMS98.bib},
  bibsource = {dblp computer science bibliography, https://dblp.org}
}



@inproceedings{DBLP:conf/spire/BergrothHR00,
  author    = {Lasse Bergroth and
               Harri Hakonen and
               Timo Raita},
  editor    = {Pablo de la Fuente},
  title     = {A Survey of Longest Common Subsequence Algorithms},
  booktitle = {Seventh International Symposium on String Processing and Information
               Retrieval, {SPIRE} 2000, {A} Coru{\~{n}}a, Spain, September 27-29,
               2000},
  pages     = {39--48},
  publisher = {{IEEE} Computer Society},
  year      = {2000},
  url       = {https://doi.org/10.1109/SPIRE.2000.878178},
  doi       = {10.1109/SPIRE.2000.878178},
  timestamp = {Wed, 16 Oct 2019 14:14:57 +0200},
  biburl    = {https://dblp.org/rec/conf/spire/BergrothHR00.bib},
  bibsource = {dblp computer science bibliography, https://dblp.org}
}



@article{DBLP:journals/csur/Navarro01,
  author    = {Gonzalo Navarro},
  title     = {A guided tour to approximate string matching},
  journal   = {{ACM} Comput. Surv.},
  volume    = {33},
  number    = {1},
  pages     = {31--88},
  year      = {2001},
  url       = {https://doi.org/10.1145/375360.375365},
  doi       = {10.1145/375360.375365},
  timestamp = {Wed, 14 Nov 2018 10:31:47 +0100},
  biburl    = {https://dblp.org/rec/journals/csur/Navarro01.bib},
  bibsource = {dblp computer science bibliography, https://dblp.org}
}



@article{DBLP:journals/tcs/Bille05,
  author    = {Philip Bille},
  title     = {A survey on tree edit distance and related problems},
  journal   = {Theor. Comput. Sci.},
  volume    = {337},
  number    = {1-3},
  pages     = {217--239},
  year      = {2005},
  url       = {https://doi.org/10.1016/j.tcs.2004.12.030},
  doi       = {10.1016/j.tcs.2004.12.030},
  timestamp = {Sun, 28 May 2017 13:20:00 +0200},
  biburl    = {https://dblp.org/rec/journals/tcs/Bille05.bib},
  bibsource = {dblp computer science bibliography, https://dblp.org}
}

@Online{reactjs,
  author =    {The ReactJS team},
  title =     {Reconciliation in ReactJS},
  year =      {2020},
  url =       {https://reactjs.org/docs/reconciliation.html},
  urldate =   {2020},
}

